@inproceedings{guo2017calibration,
  title={On calibration of modern neural networks},
  author={Guo, Chuan and Pleiss, Geoff and Sun, Yu and Weinberger, Kilian Q},
  booktitle={International conference on machine learning},
  pages={1321--1330},
  year={2017},
  organization={PMLR}
}
@inproceedings{clarte2023expectation,
  title={Expectation consistency for calibration of neural networks},
  author={Clart{\'e}, Lucas and Loureiro, Bruno and Krzakala, Florent and Zdeborov{\'a}, Lenka},
  booktitle={Uncertainty in Artificial Intelligence},
  pages={443--453},
  year={2023},
  organization={PMLR}
}
@article{rigollet2012sparse,
  title={Sparse estimation by exponential weighting},
  author={Rigollet, Philippe and Tsybakov, Alexandre B},
  year={2012}
}
